<?xml version="1.0" encoding="UTF-8"?><collection xmlns="http://www.loc.gov/MARC21/slim"><record><leader>00523nam--2200181-i-4500</leader><controlfield tag="001">000015475</controlfield><controlfield tag="002">20161230</controlfield><controlfield tag="005">20161230201031</controlfield><controlfield tag="008">060222s1000------------r-----000-0-eng-d</controlfield><datafield ind1=" " ind2=" " tag="040"><subfield code="a">IFIN-HH</subfield></datafield><datafield ind1=" " ind2=" " tag="080"><subfield code="a">531.19(061.3)</subfield></datafield><datafield ind1="1" ind2=" " tag="100"><subfield code="a">Kuramoto,Y</subfield></datafield><datafield ind1="1" ind2="0" tag="245"><subfield code="a">Springer series in synergetics. vol. 24. chaos and statistical methods</subfield><subfield code="c">Y. kuramoto (ed.)</subfield></datafield><datafield ind1=" " ind2=" " tag="260"><subfield code="a">Berlin</subfield><subfield code="b">Springer-verlag</subfield><subfield code="c">1984</subfield></datafield><datafield ind1=" " ind2=" " tag="300"><subfield code="a">XI + 273P</subfield></datafield><datafield ind1=" " ind2=" " tag="490"><subfield code="a">Springer Series In Synergetics, 24</subfield></datafield><datafield ind1=" " ind2=" " tag="852"><subfield code="a">47885</subfield><subfield code="c">53</subfield></datafield><datafield ind1=" " ind2=" " tag="CAT"><subfield code="a">Sys</subfield><subfield code="c">20150326</subfield><subfield code="h">145351</subfield></datafield></record></collection>